<?xml version="1.0" encoding="UTF-8"?><collection xmlns="http://www.loc.gov/MARC21/slim"><record><leader>00406nam--2200133-i-4500</leader><controlfield tag="001">000033084</controlfield><controlfield tag="002">20161230</controlfield><controlfield tag="005">20161230201039</controlfield><controlfield tag="008">060222s1000------------r-----000-0-eng-d</controlfield><datafield ind1=" " ind2=" " tag="080"><subfield code="a">548.2(043)</subfield></datafield><datafield ind1=" " ind2=" " tag="100"><subfield code="a">Meissner, Bernd</subfield></datafield><datafield ind1=" " ind2=" " tag="245"><subfield code="a">Untersuchung zum spinglasverhalten von verttretern der modifizierten pyrochlore des type csmo2 +mo3 +f6.dissert</subfield></datafield><datafield ind1=" " ind2=" " tag="260"><subfield code="a">Berlin, Universitat, 1991. 143p</subfield></datafield><datafield ind1=" " ind2=" " tag="852"><subfield code="a">79853</subfield></datafield></record></collection>